@article{brockman2016openai:2016,
  title={Openai gym},
  author={Brockman, Greg and Cheung, Vicki and Pettersson, Ludwig and Schneider, Jonas and Schulman, John and Tang, Jie and Zaremba, Wojciech},
  journal={arXiv preprint arXiv:1606.01540},
  year={2016}
}

@book{sutton1998introduction:1998,
  title={Introduction to reinforcement learning},
  author={Sutton, Richard S and Barto, Andrew G and others},
  volume={2},
  year={1998},
  publisher={MIT press Cambridge}
}

@article{lillicrap2015continuous:2015,
  title={Continuous control with deep reinforcement learning},
  author={Lillicrap, Timothy P and Hunt, Jonathan J and Pritzel, Alexander and Heess, Nicolas and Erez, Tom and Tassa, Yuval and Silver, David and Wierstra, Daan},
  journal={arXiv preprint arXiv:1509.02971},
  year={2015}
}

@article{song2017recurrent:2017,
  title={Recurrent network-based deterministic policy gradient for solving bipedal walking challenge on rugged terrains},
  author={Song, Doo Re and Yang, Chuanyu and McGreavy, Christopher and Li, Zhibin},
  journal={arXiv preprint arXiv:1710.02896},
  year={2017}
}

@manual{ddpgTutorial:2019,
 author = {Patrick Emami},
 title = {Deep Deterministic Policy Gradients in TensorFlow},
 note = "\url{https://pemami4911.github.io/blog/2016/08/21/ddpg-rl.html}",
 year = "2019 (accessed November 17, 2019)"
}

@manual{rlIntro2:2019,
 author = {openAI},
 title = {rl intro2},
 note = "\url{https://spinningup.openai.com/en/latest/spinningup/rl_intro2.html#citations-below}",
 year = "2019 (accessed November 17, 2019)"
}

@manual{bipedalsource:2019,
 author = {open AI},
 title = {bipedal walker source},
 note = "\url{https://github.com/openai/gym/blob/master/gym/envs/box2d/bipedal_walker.py}",
 year = "2019 (accessed November 17, 2019)"
}

@manual{bipedalPic:2019,
 author = {Shiva Verma},
 title = {teach-your-ai-how-to-walk},
 note = "\url{https://towardsdatascience.com/teach-your-ai-how-to-walk-5ad55fce8bca}",
 year = "2019 (accessed November 17, 2019)"
}

@manual{catto2011box2d:2019,
  title={Box2d: A 2d physics engine for games},
  author={Catto, Erin},
  year={2011}
}
